<record><leader>00000cas a2200000 a 4500</leader><controlfield tag="001">10356528</controlfield><controlfield tag="008">840131d18uu19uuiluwr ne      0   b0dan c</controlfield><datafield ind1=" " ind2=" " tag="010"><subfield code="a">sn 84024051 </subfield></datafield><datafield ind1=" " ind2=" " tag="040"><subfield code="a">NPV</subfield><subfield code="b">eng</subfield><subfield code="c">NPV</subfield><subfield code="d">OCL</subfield><subfield code="d">MN#</subfield><subfield code="d">NVF</subfield><subfield code="d">OCL</subfield><subfield code="d">NVF</subfield><subfield code="d">OCLCQ</subfield><subfield code="d">OCLCF</subfield><subfield code="d">OCLCO</subfield></datafield><datafield ind1=" " ind2=" " tag="012"><subfield code="b">3</subfield></datafield><datafield ind1=" " ind2=" " tag="019"><subfield code="a">1554180</subfield></datafield><datafield ind1="1" ind2=" " tag="029"><subfield code="a">AU@</subfield><subfield code="b">000020228456</subfield></datafield><datafield ind1=" " ind2=" " tag="042"><subfield code="a">pcc</subfield></datafield><datafield ind1=" " ind2=" " tag="043"><subfield code="a">n-us-il</subfield><subfield code="a">n-us-mn</subfield></datafield><datafield ind1=" " ind2=" " tag="045"><subfield code="a">w8x2</subfield></datafield><datafield ind1=" " ind2=" " tag="052"><subfield code="a">4103</subfield><subfield code="b">C7</subfield></datafield><datafield ind1=" " ind2=" " tag="052"><subfield code="a">4144</subfield><subfield code="b">M5</subfield></datafield><datafield ind1="0" ind2="0" tag="245"><subfield code="a">Chicago-posten.</subfield></datafield><datafield ind1=" " ind2=" " tag="260"><subfield code="a">Chicago, Ill. :</subfield><subfield code="b">C. Rasmussen Pub. Co.</subfield></datafield><datafield ind1=" " ind2=" " tag="300"><subfield code="a">v.</subfield></datafield><datafield ind1=" " ind2=" " tag="310"><subfield code="a">Weekly</subfield></datafield><datafield ind1=" " ind2=" " tag="500"><subfield code="a">Published simultaneously at: Minneapolis, Minn. and Chicago, Ill., May 26, 1910-&lt;Apr. 4, 1929&gt;</subfield></datafield><datafield ind1=" " ind2=" " tag="515"><subfield code="a">Issues for May 3, 1900-&lt;Sept. 19, 1918&gt; called also l&#248;be nr. 996-&lt;1920&gt;</subfield></datafield><datafield ind1=" " ind2=" " tag="530"><subfield code="a">Available on microfilm from the Minnesota Historical Society.</subfield></datafield><datafield ind1=" " ind2=" " tag="546"><subfield code="a">In Danish.</subfield></datafield><datafield ind1=" " ind2=" " tag="588"><subfield code="a">Description based on: 12. aarg., nr. 33 (17 aug. 1892).</subfield></datafield><datafield ind1=" " ind2="0" tag="650"><subfield code="a">Danes</subfield><subfield code="z">United States</subfield><subfield code="v">Newspapers.</subfield></datafield><datafield ind1=" " ind2="0" tag="651"><subfield code="a">Chicago (Ill.)</subfield><subfield code="v">Newspapers.</subfield></datafield><datafield ind1=" " ind2="0" tag="651"><subfield code="a">Minneapolis (Minn.)</subfield><subfield code="v">Newspapers.</subfield></datafield><datafield ind1=" " ind2="7" tag="655"><subfield code="a">Newspapers.</subfield><subfield code="2">fast</subfield><subfield code="0">(OCoLC)fst01423814</subfield></datafield><datafield ind1=" " ind2="7" tag="650"><subfield code="a">Danes.</subfield><subfield code="2">fast</subfield><subfield code="0">(OCoLC)fst00887617</subfield></datafield><datafield ind1=" " ind2="7" tag="651"><subfield code="a">Illinois</subfield><subfield code="z">Chicago.</subfield><subfield code="2">fast</subfield><subfield code="0">(OCoLC)fst01204048</subfield></datafield><datafield ind1=" " ind2="7" tag="651"><subfield code="a">Minnesota</subfield><subfield code="z">Minneapolis.</subfield><subfield code="2">fast</subfield><subfield code="0">(OCoLC)fst01204260</subfield></datafield><datafield ind1=" " ind2="7" tag="651"><subfield code="a">United States.</subfield><subfield code="2">fast</subfield><subfield code="0">(OCoLC)fst01204155</subfield></datafield><datafield ind1=" " ind2=" " tag="752"><subfield code="a">United States</subfield><subfield code="b">Illinois</subfield><subfield code="c">Cook</subfield><subfield code="d">Chicago.</subfield></datafield><datafield ind1=" " ind2=" " tag="752"><subfield code="a">United States</subfield><subfield code="b">Minnesota</subfield><subfield code="c">Hennepin</subfield><subfield code="d">Minneapolis.</subfield></datafield></record>